<record xmlns="http://www.loc.gov/MARC21/slim" xmlns:xsi="http://www.w3.org/2001/XMLSchema-instance" xsi:schemaLocation="http://www.loc.gov/MARC21/slim http://www.loc.gov/standards/marcxml/schema/MARC21slim.xsd"><leader>02240nam a2200469   4500</leader><controlfield tag="001">001856006</controlfield><controlfield tag="003">NNU</controlfield><controlfield tag="006">m        d        </controlfield><controlfield tag="007">cr cn |||m|||a</controlfield><controlfield tag="008">150110s1969    iq      ob    000 0 ara</controlfield><datafield ind1=" " ind2=" " tag="040"><subfield code="a">NNU</subfield><subfield code="b">eng</subfield><subfield code="e">rda</subfield><subfield code="c">NNU</subfield></datafield><datafield ind1=" " ind2="4" tag="050"><subfield code="a">PJ7701.6.A55</subfield><subfield code="b">A6 1969</subfield></datafield><datafield ind1=" " ind2="4" tag="050"><subfield code="a">PJ7808.A36</subfield><subfield code="b">A6 1969</subfield></datafield><datafield ind1="0" ind2=" " tag="100"><subfield code="6">880-01</subfield><subfield code="a">Abu&#772; al-Hindi&#772;,</subfield><subfield code="d">active 8th century.</subfield></datafield><datafield ind1="1" ind2="0" tag="245"><subfield code="6">880-02</subfield><subfield code="a">Di&#772;wa&#772;n Abi&#772; al-Hindi&#772; wa-akhba&#772;ruh /</subfield><subfield code="c">s&#803;in&#699;at &#699;Abd Alla&#772;h al-Jubu&#772;ri&#772;.</subfield></datafield><datafield ind1=" " ind2=" " tag="250"><subfield code="6">880-03</subfield><subfield code="a">[al-T&#803;ab&#699;ah 1.].</subfield></datafield><datafield ind1=" " ind2=" " tag="260"><subfield code="6">880-04</subfield><subfield code="a">al-Najaf :</subfield><subfield code="b">Mat&#803;ba&#699;at al-Nu&#699;ma&#772;n,</subfield><subfield code="c">1969.</subfield></datafield><datafield ind1=" " ind2=" " tag="300"><subfield code="a">online resource (79 pages)</subfield></datafield><datafield ind1=" " ind2=" " tag="336"><subfield code="a">text</subfield><subfield code="2">rdacontent</subfield></datafield><datafield ind1=" " ind2=" " tag="337"><subfield code="a">computer</subfield><subfield code="2">rdamedia</subfield></datafield><datafield ind1=" " ind2=" " tag="338"><subfield code="a">online resource</subfield><subfield code="2">rdacarrier</subfield></datafield><datafield ind1="0" ind2=" " tag="490"><subfield code="6">880-05</subfield><subfield code="a">Dawa&#772;wi&#772;n s&#803;aghi&#772;rah ;</subfield><subfield code="v">3</subfield></datafield><datafield ind1=" " ind2=" " tag="500"><subfield code="a">Part of the Arabic Collections Online (ACO) project, contributed by New York Univeristy Libraries.</subfield></datafield><datafield ind1=" " ind2=" " tag="504"><subfield code="a">Includes bibliographical references (pages 69-75).</subfield></datafield><datafield ind1=" " ind2=" " tag="533"><subfield code="a">Electronic reproduction.</subfield><subfield code="b">New York, N.Y. :</subfield><subfield code="c">New York University,</subfield><subfield code="d">2015.</subfield><subfield code="5">NNU</subfield></datafield><datafield ind1=" " ind2="0" tag="650"><subfield code="a">Arabic poetry</subfield><subfield code="y">750-1258.</subfield></datafield><datafield ind1=" " ind2="7" tag="650"><subfield code="a">Arabic poetry.</subfield><subfield code="2">fast</subfield><subfield code="0">(OCoLC)fst00812533</subfield></datafield><datafield ind1=" " ind2="7" tag="648"><subfield code="a">750 - 1258</subfield><subfield code="2">fast</subfield></datafield><datafield ind1="1" ind2=" " tag="700"><subfield code="6">880-06</subfield><subfield code="a">Jub&#363;r&#299;, &#699;Abd All&#257;h</subfield></datafield><datafield ind1="2" ind2=" " tag="710"><subfield code="a">New York University.</subfield><subfield code="b">Libraries.</subfield></datafield><datafield ind1="0" ind2=" " tag="730"><subfield code="a">Arabic Collections Online.</subfield></datafield><datafield ind1="0" ind2="8" tag="776"><subfield code="i">Online version:</subfield><subfield code="a">Abu&#772; al-Hindi&#772;, Gha&#772;lib ibn &#699;Abd al-Qaddu&#772;s.</subfield><subfield code="t">Di&#772;wan Abi&#780; al-Hindi&#772; wa-akhba&#772;ruh.</subfield><subfield code="b">[al-T&#803;ab&#699;ah 1].</subfield><subfield code="d">Baghda&#772;d : Mat&#803;ba&#699;at al-Nu&#699;ma&#772;n, 1969</subfield><subfield code="w">(OCoLC)580132285</subfield></datafield><datafield ind1="0" ind2="8" tag="776"><subfield code="i">Print version:</subfield><subfield code="a">Abu&#772; al-Hindi&#772;, active 8th century.</subfield><subfield code="t">Di&#772;wa&#772;n Abi&#772; al-Hindi&#772; wa-akhba&#772;ruh</subfield><subfield code="w">(NNU)001856006</subfield><subfield code="w">(DLC)   72255815</subfield></datafield><datafield ind1="4" ind2="0" tag="856"><subfield code="u">http://hdl.handle.net/2333.1/j6q575f6</subfield></datafield><datafield ind1="0" ind2=" " tag="880"><subfield code="6">100-01/</subfield><subfield code="a">&#1571;&#1576;&#1608; &#1575;&#1604;&#1607;&#1606;&#1583;&#1610;&#1548;</subfield><subfield code="d">active 8th century.</subfield></datafield><datafield ind1="1" ind2="0" tag="880"><subfield code="6">245-02/</subfield><subfield code="a">&#1583;&#1610;&#1608;&#1575;&#1606; &#1571;&#1576;&#1610; &#1575;&#1604;&#1607;&#1606;&#1583;&#1610; &#1608;&#1571;&#1582;&#1576;&#1575;&#1585;&#1607; /</subfield><subfield code="c">&#1589;&#1606;&#1593;&#1577; &#1593;&#1576;&#1583; &#1575;&#1604;&#1604;&#1607; &#1575;&#1604;&#1580;&#1576;&#1608;&#1585;&#1610;.</subfield></datafield><datafield ind1=" " ind2=" " tag="880"><subfield code="6">250-03/</subfield><subfield code="a">[&#1575;&#1604;&#1591;&#1576;&#1593;&#1577; 1.].</subfield></datafield><datafield ind1=" " ind2=" " tag="880"><subfield code="6">260-04/</subfield><subfield code="a">&#1575;&#1604;&#1606;&#1580;&#1601; :</subfield><subfield code="b">&#1605;&#1591;&#1576;&#1593;&#1577; &#1575;&#1604;&#1606;&#1593;&#1605;&#1575;&#1606;&#1548;</subfield><subfield code="c">1969.</subfield></datafield><datafield ind1="0" ind2=" " tag="880"><subfield code="6">490-05/</subfield><subfield code="a">&#1583;&#1608;&#1575;&#1608;&#1610;&#1606; &#1589;&#1594;&#1610;&#1585;&#1577; &#1563;</subfield><subfield code="v">3</subfield></datafield><datafield ind1="1" ind2=" " tag="880"><subfield code="6">700-06/</subfield><subfield code="a">&#1580;&#1576;&#1608;&#1585;&#1610;&#1548; &#1593;&#1576;&#1583; &#1575;&#1604;&#1604;&#1607;.</subfield></datafield><datafield ind1=" " ind2=" " tag="959"><subfield code="a">NNU</subfield><subfield code="b">WEB</subfield><subfield code="c">GENI</subfield><subfield code="t">0</subfield><subfield code="m">Electronic access</subfield><subfield code="s">01</subfield></datafield><datafield ind1=" " ind2=" " tag="999"><subfield code="i">NNU_001856006</subfield><subfield code="o" /><subfield code="e">(ERROR-SERIES)</subfield></datafield></record>